
@inproceedings{gaffney_trajectory_1999,
	title = {Trajectory clustering with mixtures of regression models},
	url = {http://dl.acm.org/citation.cfm?id=312198},
	pages = {63--72},
	booktitle = {KDD '99},
	publisher = {{ACM}},
	author = {Gaffney, Scott and Smyth, Padhraic},
	urldate = {2015-11-17},
	date = {1999},
	file = {trajectory-clustering-with-mixtures-of-regression-models.pdf:/home/mack/.zotero/zotero/aeihmoq1.default/zotero/storage/GM85CC3P/trajectory-clustering-with-mixtures-of-regression-models.pdf:application/pdf}
}

@article{gorur_dirichlet_2010,
	title = {Dirichlet process gaussian mixture models: Choice of the base distribution},
	volume = {25},
	url = {http://link.springer.com/article/10.1007/s11390-010-9355-8},
	shorttitle = {Dirichlet process gaussian mixture models},
	pages = {653--664},
	number = {4},
	journaltitle = {Journal of Computer Science and Technology},
	author = {Görür, Dilan and Rasmussen, Carl Edward},
	urldate = {2015-11-17},
	date = {2010},
	file = {dpgmm-choice-of-base-distribution--rasmussen-gorur .pdf:/home/mack/.zotero/zotero/aeihmoq1.default/zotero/storage/7JTC5S5Z/dpgmm-choice-of-base-distribution--rasmussen-gorur .pdf:application/pdf}
}

@article{kamper_gibbs_2013,
	title = {Gibbs sampling for fitting finite and infinite Gaussian mixture models},
	url = {http://www.kamperh.com/notes/kamper_bayesgmm13.pdf},
	author = {Kamper, Herman},
	urldate = {2015-11-17},
	date = {2013},
	file = {gibbs-sampling-for-fitting-finite-and-infinite-gmms.pdf:/home/mack/.zotero/zotero/aeihmoq1.default/zotero/storage/D7AHC9AM/gibbs-sampling-for-fitting-finite-and-infinite-gmms.pdf:application/pdf}
}

@article{kottas_nonparametric_2005,
	title = {Nonparametric Bayesian modeling for multivariate ordinal data},
	volume = {14},
	url = {http://www.tandfonline.com/doi/abs/10.1198/106186005X63185},
	pages = {610--625},
	number = {3},
	journaltitle = {Journal of Computational and Graphical Statistics},
	author = {Kottas, Athanasios and Müller, Peter and Quintana, Fernando},
	urldate = {2015-11-17},
	date = {2005},
	file = {dpm_ordinal.pdf:/home/mack/.zotero/zotero/aeihmoq1.default/zotero/storage/GRDTKFKF/dpm_ordinal.pdf:application/pdf}
}

@article{neal_markov_2000,
	title = {Markov chain sampling methods for Dirichlet process mixture models},
	volume = {9},
	url = {http://amstat.tandfonline.com/doi/abs/10.1080/10618600.2000.10474879},
	pages = {249--265},
	number = {2},
	journaltitle = {Journal of computational and graphical statistics},
	author = {Neal, Radford M.},
	urldate = {2015-11-17},
	date = {2000},
	file = {mcmc-for-dpmms--Neal.pdf:/home/mack/.zotero/zotero/aeihmoq1.default/zotero/storage/ZTQKCJ2K/mcmc-for-dpmms--Neal.pdf:application/pdf}
}

@inproceedings{rasmussen_infinite_1999,
	title = {The infinite Gaussian mixture model.},
	volume = {12},
	url = {http://www.kyb.tue.mpg.de/fileadmin/user_upload/files/publications/pdfs/pdf2299.pdf},
	pages = {554--560},
	booktitle = {{NIPS}},
	author = {Rasmussen, Carl Edward},
	urldate = {2015-11-17},
	date = {1999},
	file = {rasmussen-1999a-infinite-gaussian-mixture-model.pdf:/home/mack/.zotero/zotero/aeihmoq1.default/zotero/storage/E73JM6CB/rasmussen-1999a-infinite-gaussian-mixture-model.pdf:application/pdf}
}
