
@article{arkadiusz_paterek_improving_2007,
	title = {Improving regularized singular value decomposition for collaborative filtering},
	journaltitle = {Proceedings of {KDD} Cup and Workshop},
	journal = {Proceedings of {KDD} Cup and Workshop},
	author = {{Arkadiusz Paterek}},
	date = {2007},
	year = {2007}
}

@inproceedings{bell_modeling_2007,
	location = {New York, {NY}, {USA}},
	title = {Modeling Relationships at Multiple Scales to Improve Accuracy of Large Recommender Systems},
	isbn = {978-1-59593-609-7},
	url = {http://doi.acm.org/10.1145/1281192.1281206},
	doi = {10.1145/1281192.1281206},
	series = {{KDD} '07},

	pages = {95--104},
	booktitle = {Proceedings of the 13th {ACM} {SIGKDD} International Conference on Knowledge Discovery and Data Mining},
	publisher = {{ACM}},
	author = {Bell, Robert and Koren, Yehuda and Volinsky, Chris},
	urldate = {2015-03-18},
	date = {2007},
	keywords = {collaborative filtering, Netflix Prize, recommender systems},
	file = {ACM Full Text PDF:/home/mack/.zotero/zotero/aeihmoq1.default/zotero/storage/K29HIXJV/Bell et al. - 2007 - Modeling Relationships at Multiple Scales to Impro.pdf:application/pdf}
}

@article{pena-ayala_educational_2014,
	title = {Educational data mining: A survey and a data mining-based analysis of recent works},
	volume = {41},
	issn = {0957-4174},
	doi = {10.1016/j.eswa.2013.08.042},
	shorttitle = {Educational data mining},
	pages = {1432--1462},
	number = {4},
	journaltitle = {Expert Systems with Applications},
	journal = {Expert Systems with Applications},
	shortjournal = {Expert Systems with Applications},
	author = {Peña-Ayala, Alejandro},
	urldate = {2015-03-12},
	date = {2014-03},
    year = {2014},
	keywords = {Data mining, Data mining profile, Educational data mining, Educational data mining approach pattern, Pattern for descriptive and predictive educational data mining approaches}
}

@article{marcus_new_2015,
	title = {The New Way Colleges Can Predict Your Grades},
	issn = {0040-718X},
	url = {http://time.com/3621228/college-data-tracking-graduation-rates/},
	journaltitle = {Time},
	author = {Marcus, Jon},
	urldate = {2015-03-12},
	date = {2015},
	keywords = {big data, college, college admissions, college data, college loans, education advisory board, georgia state, higher education, smu, southern illinois university, staying in college, student loans},
	file = {Snapshot:/home/mack/.zotero/zotero/aeihmoq1.default/zotero/storage/CKIE6XDW/college-data-tracking-graduation-rates.html:text/html}
}

@inproceedings{cremonesi_performance_2010,
	location = {New York, {NY}, {USA}},
	title = {Performance of Recommender Algorithms on Top-n Recommendation Tasks},
	isbn = {978-1-60558-906-0},
	url = {http://doi.acm.org/10.1145/1864708.1864721},
	doi = {10.1145/1864708.1864721},
	series = {{RecSys} '10},

	pages = {39--46},
	booktitle = {Proceedings of the Fourth {ACM} Conference on Recommender Systems},
	publisher = {{ACM}},
	author = {Cremonesi, Paolo and Koren, Yehuda and Turrin, Roberto},
	urldate = {2015-03-18},
	date = {2010},
	keywords = {evaluation, precision, recall, top-n recommendations},
	file = {ACM Full Text PDF:/home/mack/.zotero/zotero/aeihmoq1.default/zotero/storage/RKINZI8M/Cremonesi et al. - 2010 - Performance of Recommender Algorithms on Top-n Rec.pdf:application/pdf}
}

@article{park_literature_2012,
	title = {A literature review and classification of recommender systems research},
	volume = {39},
	issn = {0957-4174},
	url = {http://www.sciencedirect.com/science/article/pii/S0957417412002825},
	doi = {10.1016/j.eswa.2012.02.038},

	pages = {10059--10072},
	number = {11},
	journaltitle = {Expert Systems with Applications},
	shortjournal = {Expert Systems with Applications},
	author = {Park, Deuk Hee and Kim, Hyea Kyeong and Choi, Il Young and Kim, Jae Kyeong},
	urldate = {2015-03-12},
	date = {2012-09-01},
	keywords = {Classification, Data mining technique, Literature review, recommender systems},
	file = {ScienceDirect Snapshot:/home/mack/.zotero/zotero/aeihmoq1.default/zotero/storage/FQQRS676/S0957417412002825.html:text/html}
}

@article{bell_bellkor_2007,
	title = {The {BellKor} solution to the Netflix Prize},
	journaltitle = {{AT}\&T Labs – Research},
    journal = {{AT}\&T Labs – Research},
	author = {Bell, Robert M. and Koren, Yehuda and Volinsky, Chris},
	date = {2007},
    year = {2007}
}

@inproceedings{rendle_factorizing_2010,
	location = {New York, {NY}, {USA}},
	title = {Factorizing Personalized Markov Chains for Next-basket Recommendation},
	isbn = {978-1-60558-799-8},
	url = {http://doi.acm.org/10.1145/1772690.1772773},
	doi = {10.1145/1772690.1772773},
    journal = {International Conference on World Wide Web},
	series = {{WWW} '10},
	pages = {811--820},
	booktitle = {Proceedings of the 19th International Conference on World Wide Web},
	publisher = {{ACM}},
	author = {Rendle, Steffen and Freudenthaler, Christoph and Schmidt-Thieme, Lars},
	urldate = {2015-03-18},
	date = {2010},
	keywords = {basket recommendation, markov chain, matrix factorization}
}

@inproceedings{sen_tagommenders:_2009,
	location = {New York, {NY}, {USA}},
	title = {Tagommenders: Connecting Users to Items Through Tags},
	isbn = {978-1-60558-487-4},
	url = {http://doi.acm.org/10.1145/1526709.1526800},
	doi = {10.1145/1526709.1526800},
	series = {{WWW} '09},
	shorttitle = {Tagommenders},

	pages = {671--680},
	booktitle = {Proceedings of the 18th International Conference on World Wide Web},
	publisher = {{ACM}},
	author = {Sen, Shilad and Vig, Jesse and Riedl, John},
	urldate = {2015-03-06},
	date = {2009},
	keywords = {collaborative filtering, recommender systems, tagging}
}

@article{xie_overlapping_2013,
	title = {Overlapping Community Detection in Networks: the State of the Art and Comparative Study},
	volume = {45},
	issn = {03600300},
	url = {http://arxiv.org/abs/1110.5813},
	doi = {10.1145/2501654.2501657},
	shorttitle = {Overlapping Community Detection in Networks},

	pages = {1--35},
	number = {4},
	journaltitle = {{ACM} Computing Surveys},
	author = {Xie, Jierui and Kelley, Stephen and Szymanski, Boleslaw K.},
	urldate = {2015-03-07},
	date = {2013-08-01},
	eprinttype = {arxiv},
	eprint = {1110.5813},
	keywords = {Computer Science - Data Structures and Algorithms, Computer Science - Social and Information Networks, Physics - Physics and Society},
	file = {arXiv\:1110.5813 PDF:/home/mack/.zotero/zotero/aeihmoq1.default/zotero/storage/C94FXJ64/Xie et al. - 2013 - Overlapping Community Detection in Networks the S.pdf:application/pdf;arXiv.org Snapshot:/home/mack/.zotero/zotero/aeihmoq1.default/zotero/storage/GD8CB9CB/1110.html:text/html}
}

@inproceedings{mnih_probabilistic_2007,
	title = {Probabilistic matrix factorization},
	url = {http://machinelearning.wustl.edu/mlpapers/paper_files/NIPS2007_1007.pdf},
	pages = {1257--1264},
	booktitle = {Advances in neural information processing systems},
	author = {Mnih, Andriy and Salakhutdinov, Ruslan},
	urldate = {2015-03-20},
	date = {2007},
	file = {Salakhutdinov-Mnih--probabilistic-matrix-factorization--2007.pdf:/home/mack/.zotero/zotero/aeihmoq1.default/zotero/storage/TX5JWJBX/Salakhutdinov-Mnih--probabilistic-matrix-factorization--2007.pdf:application/pdf}
}

@article{sahoo_hidden_2012,
	title = {A Hidden Markov Model for Collaborative Filtering},
	volume = {36},
	issn = {0276-7783},
	url = {http://dl.acm.org/citation.cfm?id=2481674.2481689},

	pages = {1329--1356},
	number = {4},
	journaltitle = {{MIS} Q.},
	author = {Sahoo, Nachiketa and Singh, Param Vir and Mukhopadhyay, Tridas},
	urldate = {2015-05-05},
	date = {2012-12},
	keywords = {changing preference, collaborative filtering, dynamic models, latent class model, recommender systems}
}

@article{herlocker_evaluating_2004,
	title = {Evaluating Collaborative Filtering Recommender Systems},
	volume = {22},
	issn = {1046-8188},
	url = {http://doi.acm.org/10.1145/963770.963772},
	doi = {10.1145/963770.963772},

	pages = {5--53},
	number = {1},
	journaltitle = {{ACM} Trans. Inf. Syst.},
	author = {Herlocker, Jonathan L. and Konstan, Joseph A. and Terveen, Loren G. and Riedl, John T.},
	urldate = {2015-03-12},
	date = {2004-01},
	keywords = {collaborative filtering, evaluation, metrics, recommender systems}
}

@article{thai-nghe_recommender_2010,
	title = {Recommender system for predicting student performance},
	volume = {1},
	issn = {1877-0509},
	doi = {10.1016/j.procs.2010.08.006},
	series = {Proceedings of the 1st Workshop on Recommender Systems for Technology Enhanced Learning ({RecSysTEL} 2010) Proceedings of the 1st Workshop on Recommender Systems for Technology Enhanced Learning ({RecSysTEL} 2010)},
	pages = {2811--2819},
	number = {2},
	journaltitle = {Procedia Computer Science},
	shortjournal = {Procedia Computer Science},
	journal = {Procedia Computer Science},
	author = {Thai-Nghe, Nguyen and Drumond, Lucas and Krohn-Grimberghe, Artus and Schmidt-Thieme, Lars},
	urldate = {2015-03-19},
	date = {2010},
    year = {2010},
	keywords = {Educational data mining, matrix factorization, recommender systems, Student performance prediction}
}

@article{shukor_predictive_2014,
	title = {A Predictive Model to Evaluate Students’ Cognitive Engagement in Online Learning},
	volume = {116},
	issn = {1877-0428},
	url = {http://www.sciencedirect.com/science/article/pii/S1877042814010532},
	doi = {10.1016/j.sbspro.2014.01.1036},
	series = {5th World Conference on Educational Sciences},

	pages = {4844--4853},
	journaltitle = {Procedia - Social and Behavioral Sciences},
	shortjournal = {Procedia - Social and Behavioral Sciences},
	author = {Shukor, Nurbiha A. and Tasir, Zaidatun and Van der Meijden, Henny and Harun, Jamalludin},
	urldate = {2015-05-06},
	date = {2014-02-21},
	keywords = {cognitve engagement, content analysis, Data mining, Online learning},
	file = {ScienceDirect Full Text PDF:/home/mack/.zotero/zotero/aeihmoq1.default/zotero/storage/EXP4VD5B/Shukor et al. - 2014 - A Predictive Model to Evaluate Students’ Cognitive.pdf:application/pdf;ScienceDirect Snapshot:/home/mack/.zotero/zotero/aeihmoq1.default/zotero/storage/K33GGC3Z/S1877042814010532.html:text/html}
}

@article{onnela_structure_2007,
	title = {Structure and tie strengths in mobile communication networks},
	volume = {104},
	issn = {0027-8424, 1091-6490},
	url = {http://www.pnas.org/cgi/doi/10.1073/pnas.0610245104},
	doi = {10.1073/pnas.0610245104},
	pages = {7332--7336},
	number = {18},
	journaltitle = {Proceedings of the National Academy of Sciences},
	author = {Onnela, J.-P. and Saramaki, J. and Hyvonen, J. and Szabo, G. and Lazer, D. and Kaski, K. and Kertesz, J. and Barabasi, A.-L.},
	urldate = {2015-03-04},
	date = {2007-05-01},
	langid = {english},
	file = {Onnela-et-al--structure-and-tie-strengths-in-mobile-communication-networks--2007.pdf:/home/mack/.zotero/zotero/aeihmoq1.default/zotero/storage/EKWAQ646/Onnela-et-al--structure-and-tie-strengths-in-mobile-communication-networks--2007.pdf:application/pdf}
}

@article{adomavicius_improving_2012,
	title = {Improving Aggregate Recommendation Diversity Using Ranking-Based Techniques},
	volume = {24},
	issn = {1041-4347},
	doi = {10.1109/TKDE.2011.15},
	pages = {896--911},
	number = {5},
	journaltitle = {{IEEE} Transactions on Knowledge and Data Engineering},
	author = {Adomavicius, G. and Kwon, {YoungOk}},
	date = {2012-05},
	keywords = {Accuracy, aggregate recommendation diversity, Aggregates, Collaboration, collaborative filtering., Diversity methods, item ranking technique, Marketing and sales, Measurement, performance evaluation metrics, personalized recommendation, ranking-based technique, ranking functions, rating data set, rating prediction algorithm, recommendation accuracy, recommendation diversity, recommendation quality, Recommender system, recommender systems}
}

@article{koren_factor_2010,
	title = {Factor in the Neighbors: Scalable and Accurate Collaborative Filtering},
	volume = {4},
	issn = {1556-4681},
	url = {http://doi.acm.org/10.1145/1644873.1644874},
	doi = {10.1145/1644873.1644874},
	shorttitle = {Factor in the Neighbors},

	pages = {1:1--1:24},
	number = {1},
	journaltitle = {{ACM} Trans. Knowl. Discov. Data},
	author = {Koren, Yehuda},
	urldate = {2015-03-18},
	date = {2010-01},
	keywords = {collaborative filtering, Netflix Prize, recommender systems},
	file = {ACM Full Text PDF:/home/mack/.zotero/zotero/aeihmoq1.default/zotero/storage/TXU35DTB/Koren - 2010 - Factor in the Neighbors Scalable and Accurate Col.pdf:application/pdf}
}

@online{_predicting_????,
	title = {Predicting student outcomes from unstructured data},
	url = {http://www.academia.edu/1785405/Predicting_student_outcomes_from_unstructured_data},

	urldate = {2015-03-12},
	file = {Snapshot:/home/mack/.zotero/zotero/aeihmoq1.default/zotero/storage/THUVXKKN/Predicting_student_outcomes_from_unstructured_data.html:text/html}
}

@inproceedings{andersen_communities_2006,
	title = {Communities from seed sets},
	url = {http://dl.acm.org/citation.cfm?id=1135814},
	pages = {223--232},
	booktitle = {Proceedings of the 15th international conference on World Wide Web},
	publisher = {{ACM}},
	author = {Andersen, Reid and Lang, Kevin J.},
	urldate = {2015-03-04},
	date = {2006},
	file = {Anderson-Lang--communities-from-seed-sets--2006.pdf:/home/mack/.zotero/zotero/aeihmoq1.default/zotero/storage/FX5UCXQ2/Anderson-Lang--communities-from-seed-sets--2006.pdf:application/pdf}
}

@article{blondel_fast_2008,
	title = {Fast unfolding of communities in large networks},
	volume = {2008},
	issn = {1742-5468},
	url = {http://arxiv.org/abs/0803.0476},
	doi = {10.1088/1742-5468/2008/10/P10008},

	pages = {P10008},
	number = {10},
	journaltitle = {Journal of Statistical Mechanics: Theory and Experiment},
	author = {Blondel, Vincent D. and Guillaume, Jean-Loup and Lambiotte, Renaud and Lefebvre, Etienne},
	urldate = {2015-03-07},
	date = {2008-10-09},
	eprinttype = {arxiv},
	eprint = {0803.0476},
	keywords = {Computer Science - Computers and Society, Computer Science - Data Structures and Algorithms, Condensed Matter - Statistical Mechanics, Physics - Physics and Society},
	file = {arXiv\:0803.0476 PDF:/home/mack/.zotero/zotero/aeihmoq1.default/zotero/storage/4PA7KUFF/Blondel et al. - 2008 - Fast unfolding of communities in large networks.pdf:application/pdf;arXiv.org Snapshot:/home/mack/.zotero/zotero/aeihmoq1.default/zotero/storage/J6UMN7HU/0803.html:text/html}
}

@inproceedings{xiong_temporal_2010,
	title = {Temporal Collaborative Filtering with Bayesian Probabilistic Tensor Factorization.},
	volume = {10},
	url = {http://epubs.siam.org/doi/pdf/10.1137/1.9781611972801.19},
	pages = {211--222},
	booktitle = {{SDM}},
	publisher = {{SIAM}},
	author = {Xiong, Liang and Chen, Xi and Huang, Tzu-Kuo and Schneider, Jeff G. and Carbonell, Jaime G.},
	urldate = {2015-04-03},
	date = {2010},
	file = {Xiong-et-al--temporal-collaborative-filtering-with-bayesian-probabilistic-tensor-factorization--2010.pdf:/home/mack/.zotero/zotero/aeihmoq1.default/zotero/storage/ITVUTCJT/Xiong-et-al--temporal-collaborative-filtering-with-bayesian-probabilistic-tensor-factorization--2010.pdf:application/pdf}
}

@article{koren_matrix_2009,
	title = {Matrix Factorization Techniques for Recommender Systems},
	volume = {42},
	issn = {0018-9162},
	url = {http://ieeexplore.ieee.org/lpdocs/epic03/wrapper.htm?arnumber=5197422},
	doi = {10.1109/MC.2009.263},
	pages = {30--37},
	number = {8},
	journaltitle = {Computer},
	author = {Koren, Yehuda and Bell, Robert and Volinsky, Chris},
	urldate = {2015-03-18},
	date = {2009-08}
}

@article{adamic_friends_2003,
	title = {Friends and neighbors on the web},
	volume = {25},
	url = {http://www.sciencedirect.com/science/article/pii/S0378873303000091},
	pages = {211--230},
	number = {3},
	journaltitle = {Social networks},
	author = {Adamic, Lada A. and Adar, Eytan},
	urldate = {2015-03-04},
	date = {2003},
	file = {Adamic-Adar--friends-and-neighbors-on-the-web--2003.pdf:/home/mack/.zotero/zotero/aeihmoq1.default/zotero/storage/TXINBW9V/Adamic-Adar--friends-and-neighbors-on-the-web--2003.pdf:application/pdf}
}

@article{romero_data_2008,
	title = {Data mining in course management systems: Moodle case study and tutorial},
	volume = {51},
	issn = {0360-1315},
	doi = {10.1016/j.compedu.2007.05.016},
	shorttitle = {Data mining in course management systems},
	pages = {368--384},
	number = {1},
	journaltitle = {Computers \& Education},
	journal = {Computers \& Education},
	shortjournal = {Computers \& Education},
	author = {Romero, Cristóbal and Ventura, Sebastián and García, Enrique},
	urldate = {2015-03-12},
	date = {2008-08},
    year = {2008},
	keywords = {Data mining, Distance education and telelearning, E-learning, Evaluation of {CAL} systems, Web mining}
}


@article{romero_predicting_2013,
	title = {Predicting students' final performance from participation in on-line discussion forums},
	volume = {68},
	issn = {0360-1315},
	doi = {10.1016/j.compedu.2013.06.009},
	pages = {458--472},
	journaltitle = {Computers \& Education},
	journal = {Computers \& Education},
	shortjournal = {Computers \& Education},
	author = {Romero, Cristóbal and López, Manuel-Ignacio and Luna, Jose-María and Ventura, Sebastián},
	urldate = {2015-03-12},
	date = {2013-10},
    year = {2013},
	keywords = {Asynchronous discussion forums, Data mining, Distance education and telelearning, Predicting performance, Social network analysis}
}


@inproceedings{kumar_recommendation_1998,
	title = {Recommendation Systems: A Probabilistic Analysis},
	shorttitle = {Recommendation Systems},

	pages = {664--673},
	booktitle = {In Proc. {IEEE} Symp. on Foundations of Computer Science ({FOCS}},
	author = {Kumar, Ravi and Raghavan, Prabhakar and Rajagopalan, Sridhar and Tomkins, Andrew},
	date = {1998},
	file = {Citeseer - Full Text PDF:/home/mack/.zotero/zotero/aeihmoq1.default/zotero/storage/XP8H6BZG/Kumar et al. - 1998 - Recommendation Systems A Probabilistic Analysis.pdf:application/pdf;Citeseer - Snapshot:/home/mack/.zotero/zotero/aeihmoq1.default/zotero/storage/N9WD7TCG/summary.html:text/html}
}

@inproceedings{zhang_efficient_2007,
	location = {New York, {NY}, {USA}},
	title = {Efficient Bayesian Hierarchical User Modeling for Recommendation System},
	isbn = {978-1-59593-597-7},
	url = {http://doi.acm.org/10.1145/1277741.1277752},
	doi = {10.1145/1277741.1277752},
	series = {{SIGIR} '07},

	pages = {47--54},
	booktitle = {Proceedings of the 30th Annual International {ACM} {SIGIR} Conference on Research and Development in Information Retrieval},
	publisher = {{ACM}},
	author = {Zhang, Yi and Koren, Jonathan},
	urldate = {2015-03-12},
	date = {2007},
	keywords = {Bayesian Hierarchical models, {EM} algorithm, information filtering, personalization, recommender systems}
}

@article{xia_ning_slim:_2011,
	title = {{SLIM}: Sparse Linear Methods for Top-N Recommender Systems.},
	issn = {1550-4786},
	doi = {10.1109/ICDM.2011.134},
	shorttitle = {{SLIM}},
	pages = {497--506},
	author = {Xia Ning, George Karypis},
	date = {2011},
	file = {SLIM\: Sparse Linear Methods for Top-N Recommender Systems. - ResearchGate:/home/mack/.zotero/zotero/aeihmoq1.default/zotero/storage/9UEIFA42/220765374_SLIM_Sparse_Linear_Methods_for_Top-N_Recommender_Systems.html:text/html}
}

@inproceedings{rendle_pairwise_2010,
	location = {New York, {NY}, {USA}},
	title = {Pairwise Interaction Tensor Factorization for Personalized Tag Recommendation},
	isbn = {978-1-60558-889-6},
	url = {http://doi.acm.org/10.1145/1718487.1718498},
	doi = {10.1145/1718487.1718498},
	series = {{WSDM} '10},

	pages = {81--90},
	booktitle = {Proceedings of the Third {ACM} International Conference on Web Search and Data Mining},
	publisher = {{ACM}},
	author = {Rendle, Steffen and Schmidt-Thieme, Lars},
	urldate = {2015-03-18},
	date = {2010},
	keywords = {personalization, recommender systems, tag recommendation, tensor factorization},
	file = {ACM Full Text PDF:/home/mack/.zotero/zotero/aeihmoq1.default/zotero/storage/TA2K6NI9/Rendle and Schmidt-Thieme - 2010 - Pairwise Interaction Tensor Factorization for Pers.pdf:application/pdf}
}

@article{bobadilla_recommender_2013,
	title = {Recommender systems survey},
	volume = {46},
	issn = {0950-7051},
	url = {http://www.sciencedirect.com/science/article/pii/S0950705113001044},
	doi = {10.1016/j.knosys.2013.03.012},

	pages = {109--132},
	journaltitle = {Knowledge-Based Systems},
	shortjournal = {Knowledge-Based Systems},
	author = {Bobadilla, J. and Ortega, F. and Hernando, A. and Gutiérrez, A.},
	urldate = {2015-03-12},
	date = {2013-07},
	keywords = {Cold-start, collaborative filtering, Evaluation metrics, Hybrid, Internet of things, Prediction, Recommendation, recommender systems, Similarity measures, Social}
}

@article{brandes_faster_2001,
	title = {A faster algorithm for betweenness centrality*},
	volume = {25},
	url = {http://www.tandfonline.com/doi/abs/10.1080/0022250x.2001.9990249},
	pages = {163--177},
	number = {2},
	journaltitle = {Journal of Mathematical Sociology},
	author = {Brandes, Ulrik},
	urldate = {2015-03-04},
	date = {2001},
	file = {Brandes--a-faster-algorithm-for-betweenness-centrality--2001.pdf:/home/mack/.zotero/zotero/aeihmoq1.default/zotero/storage/AEZH5B76/Brandes--a-faster-algorithm-for-betweenness-centrality--2001.pdf:application/pdf}
}

@article{desmarais_review_2011,
	title = {A review of recent advances in learner and skill modeling in intelligent learning environments},
	volume = {22},
	issn = {0924-1868, 1573-1391},
	doi = {10.1007/s11257-011-9106-8},
	pages = {9--38},
	number = {1},
	journaltitle = {User Modeling and User-Adapted Interaction},
	journal = {User Modeling and User-Adapted Interaction},
	shortjournal = {User Model User-Adap Inter},
	author = {Desmarais, Michel C. and Baker, Ryan S. J. d},
	urldate = {2015-03-19},
	date = {2011-10-18},
    year = {2011},
	langid = {english},
	keywords = {Bayesian Knowledge Tracing, Bayesian Networks, Cognitive modeling, Intelligent Tutoring System, {IRT}, Learner models, Learning environments, Management of Computing and Information Systems, Model tracing, Multimedia Information Systems, {POKS}, Probabilistic models, Student models, User Interfaces and Human Computer Interaction}
}


@article{kanagal_supercharging_2012,
	title = {Supercharging Recommender Systems Using Taxonomies for Learning User Purchase Behavior},
	volume = {5},
	issn = {2150-8097},
	doi = {10.14778/2336664.2336669},
	pages = {956--967},
	number = {10},
	journaltitle = {Proc. {VLDB} Endow.},
	journal = {Proc. {VLDB} Endow.},
	author = {Kanagal, Bhargav and Ahmed, Amr and Pandey, Sandeep and Josifovski, Vanja and Yuan, Jeff and Garcia-Pueyo, Lluis},
	urldate = {2015-06-24},
	date = {2012-06},
    year = {2012}
}

@inproceedings{sun_dynamic_2012,
	title = {Dynamic matrix factorization: A state space approach},
	doi = {10.1109/ICASSP.2012.6288274},
	shorttitle = {Dynamic matrix factorization},

	eventtitle = {2012 {IEEE} International Conference on Acoustics, Speech and Signal Processing ({ICASSP})},
	pages = {1897--1900},
	booktitle = {2012 {IEEE} International Conference on Acoustics, Speech and Signal Processing ({ICASSP})},
	author = {Sun, J.Z. and Varshney, K.R. and Subbian, K.},
	date = {2012-03},
	keywords = {Bayesian model, Bayes methods, Collaboration, collaborative filtering, Covariance matrix, dynamical state space model, dynamic matrix factorization, expectation-maximization, filtering theory, Gaussian priors, Gaussian processes, Hidden Markov models, Kalman filter, Kalman filtering, Kalman filters, learning, matrix decomposition, Noise, Noise measurement, Probabilistic logic, probabilistic matrix factorization, recommendation systems, state space approach, state tracking, time-dependent structure, unresolved problem},
	file = {IEEE Xplore Abstract Record:/home/mack/.zotero/zotero/aeihmoq1.default/zotero/storage/3F3II54T/abs_all.html:text/html;IEEE Xplore Full Text PDF:/home/mack/.zotero/zotero/aeihmoq1.default/zotero/storage/6WRW54NR/Sun et al. - 2012 - Dynamic matrix factorization A state space approa.pdf:application/pdf}
}

@article{maier_indexing_2011,
	title = {Indexing Network Structure with Shortest-Path Trees},
	volume = {5},
	issn = {15564681},
	url = {http://dl.acm.org/citation.cfm?doid=1993077.1993079},
	doi = {10.1145/1993077.1993079},
	pages = {1--25},
	number = {3},
	journaltitle = {{ACM} Transactions on Knowledge Discovery from Data},
	author = {Maier, Marc and Rattigan, Matthew and Jensen, David},
	urldate = {2015-03-04},
	date = {2011-08-01},
	langid = {english},
	file = {Maier-Rattigan-Jensen--indexing-network-structure-with-shortest-path-trees--2011.pdf:/home/mack/.zotero/zotero/aeihmoq1.default/zotero/storage/UPIBVG8C/Maier-Rattigan-Jensen--indexing-network-structure-with-shortest-path-trees--2011.pdf:application/pdf}
}

@inproceedings{wang_nonparametric_2011,
	title = {Nonparametric Bayesian Co-clustering Ensembles.},
	url = {http://epubs.siam.org/doi/pdf/10.1137/1.9781611972818.29},
	pages = {331--342},
	booktitle = {{SDM}},
	publisher = {{SIAM}},
	author = {Wang, Pu and Laskey, Kathryn B. and Domeniconi, Carlotta and Jordan, Michael I.},
	urldate = {2015-03-20},
	date = {2011},
	file = {Wang-Laskey-Domeniconi-Jordan--nonparametric-bayesian-co-clustering-ensembles--2011.pdf:/home/mack/.zotero/zotero/aeihmoq1.default/zotero/storage/RW55RNHU/Wang-Laskey-Domeniconi-Jordan--nonparametric-bayesian-co-clustering-ensembles--2011.pdf:application/pdf}
}

@article{davidsen_emergence_2002,
	title = {Emergence of a small world from local interactions: Modeling acquaintance networks},
	volume = {88},
	issn = {0031-9007, 1079-7114},
	url = {http://arxiv.org/abs/cond-mat/0108302},
	doi = {10.1103/PhysRevLett.88.128701},
	shorttitle = {Emergence of a small world from local interactions},

	number = {12},
	journaltitle = {Physical Review Letters},
	author = {Davidsen, Joern and Ebel, Holger and Bornholdt, Stefan},
	urldate = {2015-03-04},
	date = {2002-03},
	eprinttype = {arxiv},
	eprint = {cond-mat/0108302},
	keywords = {Condensed Matter - Disordered Systems and Neural Networks, Condensed Matter - Statistical Mechanics},
}

@inproceedings{agarwal_regression-based_2009,
	location = {New York, {NY}, {USA}},
	title = {Regression-based Latent Factor Models},
	isbn = {978-1-60558-495-9},
	url = {http://doi.acm.org/10.1145/1557019.1557029},
	doi = {10.1145/1557019.1557029},
	series = {{KDD} '09},

	pages = {19--28},
	booktitle = {Proceedings of the 15th {ACM} {SIGKDD} International Conference on Knowledge Discovery and Data Mining},
	publisher = {{ACM}},
	author = {Agarwal, Deepak and Chen, Bee-Chung},
	urldate = {2015-03-18},
	date = {2009},
	keywords = {dyadic data, interaction, latent factor, predictive, recommender systems, sparse},
	file = {ACM Full Text PDF:/home/mack/.zotero/zotero/aeihmoq1.default/zotero/storage/6EMH5S72/Agarwal and Chen - 2009 - Regression-based Latent Factor Models.pdf:application/pdf}
}

@online{center_for_history_and_new_media_zotero_????,
	title = {Zotero Quick Start Guide},
	url = {http://zotero.org/support/quick_start_guide},
	author = {{Center for History and New Media}}
}

@inproceedings{leskovec_microscopic_2008,
	title = {Microscopic evolution of social networks},
	url = {http://dl.acm.org/citation.cfm?id=1401948},
	pages = {462--470},
	booktitle = {Proceedings of the 14th {ACM} {SIGKDD} international conference on Knowledge discovery and data mining},
	publisher = {{ACM}},
	author = {Leskovec, Jure and Backstrom, Lars and Kumar, Ravi and Tomkins, Andrew},
	urldate = {2015-03-04},
	date = {2008},
	file = {Leskovec-Backstrom-Kumar-Tommkins--microscopic-evolution-of-social-networks--2008.pdf:/home/mack/.zotero/zotero/aeihmoq1.default/zotero/storage/SAPW3VWG/Leskovec-Backstrom-Kumar-Tommkins--microscopic-evolution-of-social-networks--2008.pdf:application/pdf}
}

@book{gonzalez-brenes_dynamic_2012,
	title = {Dynamic Cognitive Tracing: Towards Unified Discovery of Student and Cognitive Models},
	url = {http://eric.ed.gov/?id=ED537202},
	shorttitle = {Dynamic Cognitive Tracing},

	publisher = {International Educational Data Mining Society},
	author = {Gonzalez-Brenes, Jose P. and Mostow, Jack},
	urldate = {2015-03-19},
	date = {2012-06},
	langid = {english},
	keywords = {Academic Achievement, Bayesian Statistics, evaluation, Intelligent Tutoring Systems, Markov Processes, Prediction, Probability, Tutoring, Tutors},
	file = {Full Text PDF:/home/mack/.zotero/zotero/aeihmoq1.default/zotero/storage/46IM58H7/Gonzalez-Brenes and Mostow - 2012 - Dynamic Cognitive Tracing Towards Unified Discove.pdf:application/pdf;Snapshot:/home/mack/.zotero/zotero/aeihmoq1.default/zotero/storage/B6NSKEVW/eric.ed.gov.html:text/html}
}

@inproceedings{barnes_toward_2008,
	title = {Toward automatic hint generation for logic proof tutoring using historical student data},
	pages = {373--382},
	booktitle = {Proceedings of the 9th International Conference on Intelligent Tutoring Systems},
	author = {Barnes, Tiffany and Stamper, John},
	date = {2008},
    year = {2008}
}

@inproceedings{hu_collaborative_2008,
	title = {Collaborative Filtering for Implicit Feedback Datasets},
	doi = {10.1109/ICDM.2008.22},

	eventtitle = {Eighth {IEEE} International Conference on Data Mining, 2008. {ICDM} '08},
	pages = {263--272},
	booktitle = {Eighth {IEEE} International Conference on Data Mining, 2008. {ICDM} '08},
	author = {Hu, Yifan and Koren, Y. and Volinsky, C.},
	date = {2008-12},
	keywords = {browsing activity, collaborative filtering, customer experience, Data mining, Demography, electronic commerce, feedback, Filtering, History, implicit feedback, implicit feedback datasets, International collaboration, Motion pictures, Negative feedback, personalized recommendations, purchase history, Recommender system, recommender systems, scalable optimization procedure, {TV}, user preferences, Watches, watching habits},
	file = {IEEE Xplore Abstract Record:/home/mack/.zotero/zotero/aeihmoq1.default/zotero/storage/RNUNW9GD/abs_all.html:text/html;IEEE Xplore Full Text PDF:/home/mack/.zotero/zotero/aeihmoq1.default/zotero/storage/M9XWJHU8/Hu et al. - 2008 - Collaborative Filtering for Implicit Feedback Data.pdf:application/pdf}
}

@article{nowlan_simplifying_1992,
	title = {Simplifying Neural Networks by Soft Weight-Sharing},
	volume = {4},
	issn = {0899-7667},
	doi = {10.1162/neco.1992.4.4.473},

	pages = {473--493},
	number = {4},
	journaltitle = {Neural Computation},
	author = {Nowlan, S and Hinton, G},
	date = {1992-07},
	file = {IEEE Xplore Abstract Record:/home/mack/.zotero/zotero/aeihmoq1.default/zotero/storage/KS6I9X2Z/freeabs_all.html:text/html}
}

@article{bouneffouf_drars_2013,
	title = {{DRARS}, A Dynamic Risk-Aware Recommender System},
	author = {Bouneffouf, Djallel},
	date = {2013},
	file = {DRARS, A Dynamic Risk-Aware Recommender System - ResearchGate:/home/mack/.zotero/zotero/aeihmoq1.default/zotero/storage/TZ2KA4VX/264192911_DRARS_A_Dynamic_Risk-Aware_Recommender_System.html:text/html}
}

@article{lykourentzou_dropout_2009,
	title = {Dropout prediction in e-learning courses through the combination of machine learning techniques},
	volume = {53},
	issn = {0360-1315},
	url = {http://www.sciencedirect.com/science/article/pii/S0360131509001249},
	doi = {10.1016/j.compedu.2009.05.010},

	pages = {950--965},
	number = {3},
	journaltitle = {Computers \& Education},
	shortjournal = {Computers \& Education},
	author = {Lykourentzou, Ioanna and Giannoukos, Ioannis and Nikolopoulos, Vassilis and Mpardis, George and Loumos, Vassili},
	urldate = {2015-03-12},
	date = {2009-11},
	keywords = {Distance education and telelearning, Dropout prediction, E-learning, Machine learning}
}

@article{linden_amazon.com_2003,
	title = {Amazon.com recommendations: item-to-item collaborative filtering},
	volume = {7},
	issn = {1089-7801},
	doi = {10.1109/MIC.2003.1167344},
	shorttitle = {Amazon.com recommendations},
	pages = {76--80},
	number = {1},
	journaltitle = {{IEEE} Internet Computing},
	journal = {{IEEE} Internet Computing},
	author = {Linden, G. and Smith, B. and York, J.},
	date = {2003-01},
    year = {2003},
	keywords = {Advertising, Aggregates, Amazon.com recommendations, Clustering algorithms, cluster models, Collaboration, customer interests, demographic data, Demography, e-commerce, electronic commerce, Electronic mail, Filtering algorithms, information filtering, information filters, information retrieval, item-to-item collaborative filtering, massive data sets, online store, Pediatrics, product catalog, real-time, real-time systems, recommendation algorithms, retail data processing, search-based methods, Web sites}
}

@article{tsymbal_problem_2004,
	title = {The problem of concept drift: definitions and related work},
	volume = {106},
	url = {http://citeseerx.ist.psu.edu/viewdoc/download?doi=10.1.1.58.9085&rep=rep1&type=pdf},
	shorttitle = {The problem of concept drift},
	journaltitle = {Computer Science Department, Trinity College Dublin},
	author = {Tsymbal, Alexey},
	urldate = {2015-03-04},
	date = {2004},
	file = {Tsymbal--the-problem-of-concept-drift-definitions-and-related-work--2004.pdf:/home/mack/.zotero/zotero/aeihmoq1.default/zotero/storage/FM9SVCU7/Tsymbal--the-problem-of-concept-drift-definitions-and-related-work--2004.pdf:application/pdf}
}

@article{newman_detecting_2004,
	title = {Detecting community structure in networks},
	volume = {38},
	url = {http://www.springerlink.com/index/5GTDACX17BQV6CDC.pdf},
	pages = {321--330},
	number = {2},
	journaltitle = {The European Physical Journal B-Condensed Matter and Complex Systems},
	author = {Newman, Mark {EJ}},
	urldate = {2015-03-04},
	date = {2004},
	file = {Newman--detecting-community-structure-in-networks--2004.pdf:/home/mack/.zotero/zotero/aeihmoq1.default/zotero/storage/TDJ8CQ4X/Newman--detecting-community-structure-in-networks--2004.pdf:application/pdf}
}

@online{_university_????,
	title = {University builds 'course recommendation engine' to steer students toward completion @insidehighered},
	url = {https://www.insidehighered.com/news/2012/03/16/university-builds-course-recommendation-engine-steer-students-toward-completion},
	urldate = {2015-03-12},
	file = {Snapshot:/home/mack/.zotero/zotero/aeihmoq1.default/zotero/storage/VD8ECI8A/university-builds-course-recommendation-engine-steer-students-toward-completion.html:text/html}
}

@article{elbadrawy_personalized_2015,
	title = {Personalized Multi-Regression Models for Predicting Students' Performance in Course Activities},
	journaltitle = {{LAK}},
	journal = {{LAK, '15}},
	author = {Elbadrawy, Asmaa and Studham, R. Scott and {George Karypis}},
	date = {2015},
    year = {2015}
}

@inproceedings{barnes_toward_2008-1,
	title = {Toward automatic hint generation for logic proof tutoring using historical student data},

	pages = {373--382},
	booktitle = {Proceedings of the 9th International Conference on Intelligent Tutoring Systems},
	author = {Barnes, Tiffany and Stamper, John},
	date = {2008},
	file = {Citeseer - Full Text PDF:/home/mack/.zotero/zotero/aeihmoq1.default/zotero/storage/SNXAFBBP/Barnes and Stamper - 2008 - Toward automatic hint generation for logic proof t.pdf:application/pdf;Citeseer - Snapshot:/home/mack/.zotero/zotero/aeihmoq1.default/zotero/storage/FDJQTK7P/summary.html:text/html}
}

@article{koren_collaborative_2010,
	title = {Collaborative Filtering with Temporal Dynamics},
	volume = {53},
	issn = {0001-0782},
	url = {http://doi.acm.org/10.1145/1721654.1721677},
	doi = {10.1145/1721654.1721677},

	pages = {89--97},
	number = {4},
	journaltitle = {Commun. {ACM}},
	author = {Koren, Yehuda},
	urldate = {2015-03-18},
	date = {2010-04},
	file = {ACM Full Text PDF:/home/mack/.zotero/zotero/aeihmoq1.default/zotero/storage/86HIERK8/Koren - 2010 - Collaborative Filtering with Temporal Dynamics.pdf:application/pdf}
}

@article{bobadilla_collaborative_2012,
	title = {Collaborative filtering based on significances},
	volume = {185},
	issn = {0020-0255},
	url = {http://www.sciencedirect.com/science/article/pii/S0020025511004713},
	doi = {10.1016/j.ins.2011.09.014},

	pages = {1--17},
	number = {1},
	journaltitle = {Information Sciences},
	shortjournal = {Information Sciences},
	author = {Bobadilla, Jesús and Hernando, Antonio and Ortega, Fernando and Gutiérrez, Abraham},
	urldate = {2015-03-12},
	date = {2012-02-15},
	keywords = {collaborative filtering, Items, recommender systems, Significances}
}

@incollection{koren_advances_2011,
	title = {Advances in Collaborative Filtering},
	rights = {©2011 Springer Science+Business Media, {LLC}},
	isbn = {978-0-387-85819-7, 978-0-387-85820-3},
	pages = {145--186},
	booktitle = {Recommender Systems Handbook},
	publisher = {Springer {US}},
	author = {Koren, Yehuda and Bell, Robert},
	editor = {Ricci, Francesco and Rokach, Lior and Shapira, Bracha and Kantor, Paul B.},
	urldate = {2015-03-18},
	date = {2011},
    year = {2011},
	langid = {english},
	keywords = {Artificial Intelligence (incl. Robotics), Database Management, Data Mining and Knowledge Discovery, e-Commerce/e-business, Information Storage and Retrieval, User Interfaces and Human Computer Interaction}
}

@inproceedings{koren_factorization_2008,
	location = {New York, {NY}, {USA}},
	title = {Factorization Meets the Neighborhood: A Multifaceted Collaborative Filtering Model},
	isbn = {978-1-60558-193-4},
	url = {http://doi.acm.org/10.1145/1401890.1401944},
	doi = {10.1145/1401890.1401944},
	series = {{KDD} '08},
	shorttitle = {Factorization Meets the Neighborhood},

	pages = {426--434},
	booktitle = {Proceedings of the 14th {ACM} {SIGKDD} International Conference on Knowledge Discovery and Data Mining},
	publisher = {{ACM}},
	author = {Koren, Yehuda},
	urldate = {2015-03-18},
	date = {2008},
	keywords = {collaborative filtering, recommender systems},
	file = {ACM Full Text PDF:/home/mack/.zotero/zotero/aeihmoq1.default/zotero/storage/X2ANFEJB/Koren - 2008 - Factorization Meets the Neighborhood A Multifacet.pdf:application/pdf}
}

@inproceedings{singh_relational_2008,
	title = {Relational learning via collective matrix factorization},
	url = {http://dl.acm.org/citation.cfm?id=1401969},
	pages = {650--658},
	booktitle = {Proceedings of the 14th {ACM} {SIGKDD} international conference on Knowledge discovery and data mining},
	publisher = {{ACM}},
	author = {Singh, Ajit P. and Gordon, Geoffrey J.},
	urldate = {2015-03-09},
	date = {2008},
	file = {Singh-Gordon--relational-learning-via-collective-matrix-factorization--.pdf:/home/mack/.zotero/zotero/aeihmoq1.default/zotero/storage/GI8AFVNA/Singh-Gordon--relational-learning-via-collective-matrix-factorization--.pdf:application/pdf}
}

@incollection{wang_nonparametric_2010,
	title = {Nonparametric Bayesian Clustering Ensembles},
	rights = {©2010 Springer-Verlag Berlin Heidelberg},
	isbn = {978-3-642-15938-1, 978-3-642-15939-8},
	url = {http://link.springer.com/chapter/10.1007/978-3-642-15939-8_28},
	series = {Lecture Notes in Computer Science},

	pages = {435--450},
	number = {6323},
	booktitle = {Machine Learning and Knowledge Discovery in Databases},
	publisher = {Springer Berlin Heidelberg},
	author = {Wang, Pu and Domeniconi, Carlotta and Laskey, Kathryn Blackmond},
	editor = {Balcázar, José Luis and Bonchi, Francesco and Gionis, Aristides and Sebag, Michèle},
	urldate = {2015-03-20},
	date = {2010},
	langid = {english},
	keywords = {Artificial Intelligence (incl. Robotics), Database Management, Data Mining and Knowledge Discovery, Information Storage and Retrieval, Information Systems and Communication Service, Information Systems Applications (incl.Internet)},
	file = {Full Text PDF:/home/mack/.zotero/zotero/aeihmoq1.default/zotero/storage/WP4XI3VC/Wang et al. - 2010 - Nonparametric Bayesian Clustering Ensembles.pdf:application/pdf;Snapshot:/home/mack/.zotero/zotero/aeihmoq1.default/zotero/storage/ZMGBTA5J/978-3-642-15939-8_28.html:text/html}
}

@article{bergmann_representation_2005,
	title = {Representation in case-based reasoning},
	volume = {20},
	issn = {1469-8005},
	url = {http://journals.cambridge.org/article_S0269888906000555},
	doi = {10.1017/S0269888906000555},

	pages = {209--213},
	number = {3},
	journaltitle = {The Knowledge Engineering Review},
	author = {Bergmann, Ralph and Kolodner, Janet and Plaza, Enric},
	urldate = {2015-03-13},
	date = {2005-09},
	file = {Cambridge Journals Snapshot:/home/mack/.zotero/zotero/aeihmoq1.default/zotero/storage/GTNWNNMF/displayAbstract.html:text/html;Full Text PDF:/home/mack/.zotero/zotero/aeihmoq1.default/zotero/storage/M8E3EP2G/Bergmann et al. - 2005 - Representation in case-based reasoning.pdf:application/pdf}
}

@article{sun_collaborative_2014,
	title = {Collaborative Kalman Filtering for Dynamic Matrix Factorization},
	volume = {62},
	issn = {1053-587X},
	doi = {10.1109/TSP.2014.2326618},

	pages = {3499--3509},
	number = {14},
	journaltitle = {{IEEE} Transactions on Signal Processing},
	author = {Sun, J.Z. and Parthasarathy, D. and Varshney, K.R.},
	date = {2014-07},
	keywords = {Collaboration, collaborative filtering, collaborative Kalman filtering, dynamic matrix factorization, Estimation, estimation algorithm, expectation-maximisation algorithm, expectation-maximization, expectation-maximization algorithm, global parameter learning, Heuristic algorithms, Hidden Markov models, item factors, Kalman filtering, Kalman filters, learning, learning (artificial intelligence), matrix decomposition, parallel Kalman filters, prediction algorithm, Probabilistic logic, probabilistic matrix factorization, Probability, recommendation systems, recommender systems, Signal processing algorithms, state-space methods, state-space model, temporal dynamics, user preferences},
	file = {IEEE Xplore Abstract Record:/home/mack/.zotero/zotero/aeihmoq1.default/zotero/storage/SE3BFKD7/abs_all.html:text/html;IEEE Xplore Full Text PDF:/home/mack/.zotero/zotero/aeihmoq1.default/zotero/storage/6TAG42FU/Sun et al. - 2014 - Collaborative Kalman Filtering for Dynamic Matrix .pdf:application/pdf}
}

@article{su_survey_2009,
	title = {A Survey of Collaborative Filtering Techniques},
	volume = {2009},
	issn = {1687-7470},
	url = {http://dx.doi.org/10.1155/2009/421425},
	doi = {10.1155/2009/421425},

	pages = {4:2--4:2},
	journaltitle = {Adv. in Artif. Intell.},
	author = {Su, Xiaoyuan and Khoshgoftaar, Taghi M.},
	urldate = {2015-03-12},
	date = {2009-01}
}

@article{newman_structure_2003,
	title = {The Structure and Function of Complex Networks},
	volume = {45},
	issn = {0036-1445},
	url = {http://epubs.siam.org/doi/abs/10.1137/S003614450342480},
	doi = {10.1137/S003614450342480},

	pages = {167--256},
	number = {2},
	journaltitle = {{SIAM} Review},
	shortjournal = {{SIAM} Rev.},
	author = {Newman, M.},
	urldate = {2015-03-04},
	date = {2003-01-01},
	file = {Full Text PDF:/home/mack/.zotero/zotero/aeihmoq1.default/zotero/storage/ET8ZT8FM/Newman - 2003 - The Structure and Function of Complex Networks.pdf:application/pdf;Snapshot:/home/mack/.zotero/zotero/aeihmoq1.default/zotero/storage/93JJEMR9/S003614450342480.html:text/html}
}

@article{xie_labelrankt:_2013,
	title = {{LabelRankT}: Incremental Community Detection in Dynamic Networks via Label Propagation},
	url = {http://arxiv.org/abs/1305.2006},
	shorttitle = {{LabelRankT}},

	journaltitle = {{arXiv}:1305.2006 [physics]},
	author = {Xie, Jierui and Chen, Mingming and Szymanski, Boleslaw K.},
	urldate = {2015-03-07},
	date = {2013-05-09},
	eprinttype = {arxiv},
	eprint = {1305.2006},
	keywords = {Computer Science - Social and Information Networks, Physics - Physics and Society},
	file = {arXiv\:1305.2006 PDF:/home/mack/.zotero/zotero/aeihmoq1.default/zotero/storage/VJQA2AQP/Xie et al. - 2013 - LabelRankT Incremental Community Detection in Dyn.pdf:application/pdf;arXiv.org Snapshot:/home/mack/.zotero/zotero/aeihmoq1.default/zotero/storage/ZPABW37C/1305.html:text/html}
}

@article{burke_hybrid_2002,
	title = {Hybrid Recommender Systems: Survey and Experiments},
	volume = {12},
	issn = {0924-1868, 1573-1391},
	url = {http://link.springer.com/article/10.1023/A%3A1021240730564},
	doi = {10.1023/A:1021240730564},
	shorttitle = {Hybrid Recommender Systems},

	pages = {331--370},
	number = {4},
	journaltitle = {User Modeling and User-Adapted Interaction},
	shortjournal = {User Model User-Adap Inter},
	author = {Burke, Robin},
	urldate = {2015-03-12},
	date = {2002-11-01},
	langid = {english},
	keywords = {case-based reasoning, collaborative filtering, Education (general), Management of Computing and Information Systems, Multimedia Information Systems, recommender systems, User Interfaces and Human Computer Interaction},
	file = {Snapshot:/home/mack/.zotero/zotero/aeihmoq1.default/zotero/storage/KG56SXK4/A1021240730564.html:text/html}
}

@article{oomero_predicting_2013,
	title = {Predicting students' final performance from participation in on-line discussion forums},
	volume = {68},
	issn = {0360-1315},
	doi = {10.1016/j.compedu.2013.06.009},
	pages = {458--472},
	journaltitle = {Computers \& Education},
	journal = {Computers \& Education},
	shortjournal = {Computers \& Education},
	author = {Romero, Cristóbal and López, Manuel-Ignacio and Luna, Jose-María and Ventura, Sebastián},
	urldate = {2015-03-12},
	date = {2013-10},
    year = {2013},
	keywords = {Asynchronous discussion forums, Data mining, Distance education and telelearning, Predicting performance, Social network analysis}
}

@article{bridge_case-based_2005,
	title = {Case-based recommender systems},
	volume = {20},
	issn = {1469-8005},
	url = {http://journals.cambridge.org/article_S0269888906000567},
	doi = {10.1017/S0269888906000567},

	pages = {315--320},
	number = {3},
	journaltitle = {The Knowledge Engineering Review},
	author = {Bridge, Derek and G{\textbackslash}\&Ouml;{KER}, Mehmet H. and {McGINTY}, Lorraine and Smyth, Barry},
	urldate = {2015-03-13},
	date = {2005-09},
	file = {Cambridge Journals Snapshot:/home/mack/.zotero/zotero/aeihmoq1.default/zotero/storage/Q8FD3DAK/displayAbstract.html:text/html;Full Text PDF:/home/mack/.zotero/zotero/aeihmoq1.default/zotero/storage/NJRC4IF4/Bridge et al. - 2005 - Case-based recommender systems.pdf:application/pdf}
}

@article{feng_personalized_????,
	title = {Personalized recommendations based on time-weighted overlapping community detection},
	issn = {0378-7206},
	url = {http://www.sciencedirect.com/science/article/pii/S0378720615000191},
	doi = {10.1016/j.im.2015.02.004},

	journaltitle = {Information \& Management},
	shortjournal = {Information \& Management},
	author = {Feng, Haoyuan and Tian, Jin and Wang, Harry Jiannan and Li, Minqiang},
	urldate = {2015-04-05},
	keywords = {Dynamic user interests, Overlapping community, personalized recommendations, Recommender system, Time-weighted association rules},
	file = {ScienceDirect Full Text PDF:/home/mack/.zotero/zotero/aeihmoq1.default/zotero/storage/GC3J47V6/Feng et al. - Personalized recommendations based on time-weighte.pdf:application/pdf;ScienceDirect Snapshot:/home/mack/.zotero/zotero/aeihmoq1.default/zotero/storage/ADF59M7K/S0378720615000191.html:text/html}
}

@inproceedings{turpin_why_2001,
	location = {New York, {NY}, {USA}},
	title = {Why Batch and User Evaluations Do Not Give the Same Results},
	isbn = {1-58113-331-6},
	url = {http://doi.acm.org/10.1145/383952.383992},
	doi = {10.1145/383952.383992},
	series = {{SIGIR} '01},

	pages = {225--231},
	booktitle = {Proceedings of the 24th Annual International {ACM} {SIGIR} Conference on Research and Development in Information Retrieval},
	publisher = {{ACM}},
	author = {Turpin, Andrew H. and Hersh, William},
	urldate = {2015-03-12},
	date = {2001}
}

@article{bell_lessons_2007,
	title = {Lessons from the Netflix Prize Challenge},
	volume = {9},
	issn = {1931-0145},
	url = {http://doi.acm.org/10.1145/1345448.1345465},
	doi = {10.1145/1345448.1345465},

	pages = {75--79},
	number = {2},
	journaltitle = {{SIGKDD} Explor. Newsl.},
	author = {Bell, Robert M. and Koren, Yehuda},
	urldate = {2015-03-18},
	date = {2007-12},
	file = {ACM Full Text PDF:/home/mack/.zotero/zotero/aeihmoq1.default/zotero/storage/NUEIVP5N/Bell and Koren - 2007 - Lessons from the Netflix Prize Challenge.pdf:application/pdf}
}

@article{adomavicius_toward_2005,
	title = {Toward the Next Generation of Recommender Systems: A Survey of the State-of-the-Art and Possible Extensions},
	volume = {17},
	issn = {1041-4347},
	doi = {10.1109/TKDE.2005.99},
	shorttitle = {Toward the Next Generation of Recommender Systems},
	pages = {734--749},
	number = {6},
	journaltitle = {{IEEE} Trans. on Knowl. and Data Eng.},
	journal = {{IEEE} Trans. on Knowl. and Data Eng.},
	author = {Adomavicius, Gediminas and Tuzhilin, Alexander},
	urldate = {2015-03-12},
	date = {2005-06},
    year = {2005},
	keywords = {collaborative filtering, extensions to recommender systems., Index Terms- Recommender systems, rating estimation methods, recommender systems}
}

@inproceedings{wang_using_2008,
	title = {Using Wikipedia for Co-clustering Based Cross-Domain Text Classification},
	doi = {10.1109/ICDM.2008.136},

	eventtitle = {Eighth {IEEE} International Conference on Data Mining, 2008. {ICDM} '08},
	pages = {1085--1090},
	booktitle = {Eighth {IEEE} International Conference on Data Mining, 2008. {ICDM} '08},
	author = {Wang, Pu and Domeniconi, C. and Hu, Jian},
	date = {2008-12},
	keywords = {Asia, Bridges, Classification, Classification algorithms, Co-clustering, co-clustering-based cross-domain text classification, Computer science, Cross-domain text classification, Data mining, Dictionaries, document classification, latent semantic relationship, learning (artificial intelligence), learning strategy, pattern clustering, probability distribution, statistical distributions, text analysis, Text categorization, Training data, Transfer learning, Web sites, wikipedia},
	file = {IEEE Xplore Abstract Record:/home/mack/.zotero/zotero/aeihmoq1.default/zotero/storage/B9B84BKD/abs_all.html:text/html;IEEE Xplore Full Text PDF:/home/mack/.zotero/zotero/aeihmoq1.default/zotero/storage/T5N8I9PR/Wang et al. - 2008 - Using Wikipedia for Co-clustering Based Cross-Doma.pdf:application/pdf}
}

@article{kleinberg_convergence_2008,
	title = {The convergence of social and technological networks},
	volume = {51},
	url = {http://dl.acm.org/citation.cfm?id=1400232},
	pages = {66--72},
	number = {11},
	journaltitle = {Communications of the {ACM}},
	author = {Kleinberg, Jon},
	urldate = {2015-03-04},
	date = {2008},
	file = {Kleinberg--the-convergence-of-social-and-technological-networks--2008.pdf:/home/mack/.zotero/zotero/aeihmoq1.default/zotero/storage/AUJ7EPDC/Kleinberg--the-convergence-of-social-and-technological-networks--2008.pdf:application/pdf}
}

@inproceedings{shan_bayesian_2008,
	title = {Bayesian co-clustering},

	pages = {530--539},
	booktitle = {In Proceedings of the 8th {IEEE} International Conference on Data Mining ({ICDM}},
	author = {Shan, Hanhuai and Banerjee, Arindam},
	date = {2008},
	file = {Citeseer - Full Text PDF:/home/mack/.zotero/zotero/aeihmoq1.default/zotero/storage/USPG2VCW/Shan and Banerjee - 2008 - Bayesian co-clustering.pdf:application/pdf;Citeseer - Snapshot:/home/mack/.zotero/zotero/aeihmoq1.default/zotero/storage/D9H9XPU7/summary.html:text/html}
}

@incollection{wang_latent_2009,
	title = {Latent Dirichlet Bayesian Co-Clustering},
	rights = {©2009 Springer Berlin Heidelberg},
	isbn = {978-3-642-04173-0, 978-3-642-04174-7},
	url = {http://link.springer.com/chapter/10.1007/978-3-642-04174-7_34},
	series = {Lecture Notes in Computer Science},

	pages = {522--537},
	number = {5782},
	booktitle = {Machine Learning and Knowledge Discovery in Databases},
	publisher = {Springer Berlin Heidelberg},
	author = {Wang, Pu and Domeniconi, Carlotta and Laskey, Kathryn Blackmond},
	editor = {Buntine, Wray and Grobelnik, Marko and Mladenić, Dunja and Shawe-Taylor, John},
	urldate = {2015-03-20},
	date = {2009},
	langid = {english},
	keywords = {Artificial Intelligence (incl. Robotics), Co-clustering, Database Management, Data Mining and Knowledge Discovery, Dirichlet Distribution, Graph Learning, Information Storage and Retrieval, Information Systems and Communication Service, Pattern Recognition},
	file = {Full Text PDF:/home/mack/.zotero/zotero/aeihmoq1.default/zotero/storage/A9QPQSFG/Wang et al. - 2009 - Latent Dirichlet Bayesian Co-Clustering.pdf:application/pdf;Snapshot:/home/mack/.zotero/zotero/aeihmoq1.default/zotero/storage/6F89ZFSS/978-3-642-04174-7_34.html:text/html}
}

@article{burt_structural_2004,
	title = {Structural Holes and Good Ideas},
	volume = {110},
	issn = {0002-9602, 1537-5390},
	url = {http://www.jstor.org/stable/10.1086/421787},
	doi = {10.1086/421787},
	pages = {349--399},
	number = {2},
	journaltitle = {American Journal of Sociology},
	author = {Burt, Ronald S.},
	urldate = {2015-03-04},
	date = {2004-09},
	langid = {english},
	file = {Burt--structural-holes-and-good-ideas--2004.pdf:/home/mack/.zotero/zotero/aeihmoq1.default/zotero/storage/24VJ54VM/Burt--structural-holes-and-good-ideas--2004.pdf:application/pdf}
}

@inproceedings{breese_empirical_1998,
	location = {San Francisco, {CA}, {USA}},
	title = {Empirical Analysis of Predictive Algorithms for Collaborative Filtering},
	isbn = {1-55860-555-X},
	url = {http://dl.acm.org/citation.cfm?id=2074094.2074100},
	series = {{UAI}'98},

	pages = {43--52},
	booktitle = {Proceedings of the Fourteenth Conference on Uncertainty in Artificial Intelligence},
	publisher = {Morgan Kaufmann Publishers Inc.},
	author = {Breese, John S. and Heckerman, David and Kadie, Carl},
	urldate = {2015-03-12},
	date = {1998}
}

@inproceedings{salakhutdinov_bayesian_2008,
	location = {New York, {NY}, {USA}},
	title = {Bayesian Probabilistic Matrix Factorization Using Markov Chain Monte Carlo},
	isbn = {978-1-60558-205-4},
	url = {http://doi.acm.org/10.1145/1390156.1390267},
	doi = {10.1145/1390156.1390267},
	series = {{ICML} '08},

	pages = {880--887},
	booktitle = {Proceedings of the 25th International Conference on Machine Learning},
	publisher = {{ACM}},
	author = {Salakhutdinov, Ruslan and Mnih, Andriy},
	urldate = {2015-03-20},
	date = {2008},
	file = {ACM Full Text PDF:/home/mack/.zotero/zotero/aeihmoq1.default/zotero/storage/DHERAPCX/Salakhutdinov and Mnih - 2008 - Bayesian Probabilistic Matrix Factorization Using .pdf:application/pdf}
}

@article{robbins_aspects_1952,
	title = {Some aspects of the sequential design of experiments},
	volume = {58},
	issn = {0002-9904, 1936-881X},
	url = {http://projecteuclid.org/euclid.bams/1183517370},

	pages = {527--535},
	number = {5},
	journaltitle = {Bulletin of the American Mathematical Society},
	shortjournal = {Bull. Amer. Math. Soc.},
	author = {Robbins, Herbert},
	urldate = {2015-03-13},
	date = {1952-09},
	mrnumber = {MR0050246},
	zmnumber = {0049.37009},
	file = {Snapshot:/home/mack/.zotero/zotero/aeihmoq1.default/zotero/storage/VI9XUNAF/1183517370.html:text/html}
}

@article{huete_using_2012,
	title = {Using past-prediction accuracy in recommender systems},
	volume = {199},
	issn = {0020-0255},
	doi = {10.1016/j.ins.2012.02.033},
	pages = {78--92},
	journaltitle = {Information Sciences},
	journal = {Information Sciences},
	shortjournal = {Information Sciences},
	author = {Huete, Juan F. and Fernández-Luna, J. M. and de Campos, Luis M. and Rueda-Morales, Miguel A.},
	urldate = {2015-03-12},
	date = {2012-09-15},
    year = {2012},
	keywords = {collaborative filtering, Memory-based method, Past preference, Recommender system}
}

@article{adamic_search_2001,
	title = {Search in power-law networks},
	volume = {64},
	issn = {1063-651X, 1095-3787},
	doi = {10.1103/PhysRevE.64.046135},
	number = {4},
	journaltitle = {Physical Review E},
	journal = {Physical Review E},
	author = {Adamic, Lada A. and Lukose, Rajan M. and Puniyani, Amit R. and Huberman, Bernardo A.},
	urldate = {2015-03-04},
	date = {2001-09},
    year = {2001},
	langid = {english},
	file = {Adamic-et-al--search-in-power-law-networks--2001.pdf:/home/mack/.zotero/zotero/aeihmoq1.default/zotero/storage/87IFGFI2/Adamic-et-al--search-in-power-law-networks--2001.pdf:application/pdf}
}

@article{weike_pan_gbpr:_2013,
	title = {{GBPR}: group preference based Bayesian personalized ranking for one-class collaborative filtering},
	shorttitle = {{GBPR}},
	pages = {2691--2697},
	author = {Weike Pan, Li Chen},
	date = {2013},
	file = {GBPR\: group preference based Bayesian personalized ranking for one-class collaborative filtering - ResearchGate:/home/mack/.zotero/zotero/aeihmoq1.default/zotero/storage/ADKUMFE7/262361007_GBPR_group_preference_based_Bayesian_personalized_ranking_for_one-class_collaborative.html:text/html}
}

@article{xie_slpa:_2011,
	title = {{SLPA}: Uncovering Overlapping Communities in Social Networks via A Speaker-listener Interaction Dynamic Process},
	url = {http://arxiv.org/abs/1109.5720},
	shorttitle = {{SLPA}},

	journaltitle = {{arXiv}:1109.5720 [physics]},
	author = {Xie, Jierui and Szymanski, Boleslaw K. and Liu, Xiaoming},
	urldate = {2015-03-07},
	date = {2011-09-26},
	eprinttype = {arxiv},
	eprint = {1109.5720},
	keywords = {Computer Science - Data Structures and Algorithms, Computer Science - Social and Information Networks, Physics - Physics and Society},
	file = {arXiv\:1109.5720 PDF:/home/mack/.zotero/zotero/aeihmoq1.default/zotero/storage/JIPKQ3BD/Xie et al. - 2011 - SLPA Uncovering Overlapping Communities in Social.pdf:application/pdf;arXiv.org Snapshot:/home/mack/.zotero/zotero/aeihmoq1.default/zotero/storage/HX575VFI/1109.html:text/html}
}

@article{shani_mdp-based_2005,
	title = {An {MDP}-Based Recommender System},
	volume = {6},
	issn = {1532-4435},
	pages = {1265--1295},
	journaltitle = {JMLR},
	journal = {Journal of Machine Learning Research},
	author = {Shani, Guy and Heckerman, David and Brafman, Ronen I.},
	urldate = {2015-06-24},
	date = {2005-12},
    year = {2005}
}

@article{tekin_distributed_2014,
	title = {Distributed Online Learning in Social Recommender Systems},
	volume = {8},
	issn = {1932-4553},
	doi = {10.1109/JSTSP.2014.2299517},

	pages = {638--652},
	number = {4},
	journaltitle = {{IEEE} Journal of Selected Topics in Signal Processing},
	author = {Tekin, C. and Zhang, S. and van der Schaar, M.},
	date = {2014-08},
	keywords = {Amazon, centralized recommender systems, collaborative learning, Context, context dependent purchase probabilities, Context modeling, contextual bandits, cooperative contextual bandit problem, Correlation, decentralized sequential decision making, decision making, distributed online learning, distributed online recommender systems, distributed recommender systems, inventory, inventory management, learning (artificial intelligence), multi-agent online learning, Privacy, query processing, recommender systems, regret, Regulators, search query, Signal processing algorithms, social recommender systems, user arrivals},
	file = {IEEE Xplore Abstract Record:/home/mack/.zotero/zotero/aeihmoq1.default/zotero/storage/7TSBD2TP/abs_all.html:text/html;IEEE Xplore Full Text PDF:/home/mack/.zotero/zotero/aeihmoq1.default/zotero/storage/JW6Q6UXZ/Tekin et al. - 2014 - Distributed Online Learning in Social Recommender .pdf:application/pdf}
}

@article{xie_towards_2012,
	title = {Towards Linear Time Overlapping Community Detection in Social Networks},
	url = {http://arxiv.org/abs/1202.2465},

	journaltitle = {{arXiv}:1202.2465 [physics]},
	author = {Xie, Jierui and Szymanski, Boleslaw K.},
	urldate = {2015-03-07},
	date = {2012-02-11},
	eprinttype = {arxiv},
	eprint = {1202.2465},
	keywords = {Computer Science - Computers and Society, Computer Science - Data Structures and Algorithms, Computer Science - Social and Information Networks, Physics - Physics and Society},
	file = {arXiv\:1202.2465 PDF:/home/mack/.zotero/zotero/aeihmoq1.default/zotero/storage/DKGPA9KF/Xie and Szymanski - 2012 - Towards Linear Time Overlapping Community Detectio.pdf:application/pdf;arXiv.org Snapshot:/home/mack/.zotero/zotero/aeihmoq1.default/zotero/storage/9NJ77FMG/1202.html:text/html}
}

@article{jin_structure_2001,
	title = {Structure of growing social networks},
	volume = {64},
	url = {http://link.aps.org/doi/10.1103/PhysRevE.64.046132},
	doi = {10.1103/PhysRevE.64.046132},

	pages = {046132},
	number = {4},
	journaltitle = {Physical Review E},
	shortjournal = {Phys. Rev. E},
	author = {Jin, Emily M. and Girvan, Michelle and Newman, M. E. J.},
	urldate = {2015-03-04},
	date = {2001-09-26},
	file = {APS Snapshot:/home/mack/.zotero/zotero/aeihmoq1.default/zotero/storage/KDAWZVP3/PhysRevE.64.html:text/html}
}

@article{barabasi_evolution_2002,
	title = {Evolution of the social network of scientific collaborations},
	volume = {311},
	issn = {03784371},
	url = {http://arxiv.org/abs/cond-mat/0104162},
	doi = {10.1016/S0378-4371(02)00736-7},

	pages = {590--614},
	number = {3},
	journaltitle = {Physica A: Statistical Mechanics and its Applications},
	author = {Barabasi, A. L. and Jeong, H. and Neda, Z. and Ravasz, E. and Schubert, A. and Vicsek, T.},
	urldate = {2015-03-04},
	date = {2002-08},
	eprinttype = {arxiv},
	eprint = {cond-mat/0104162},
	keywords = {Condensed Matter - Disordered Systems and Neural Networks, Condensed Matter - Soft Condensed Matter, Condensed Matter - Statistical Mechanics},
	file = {arXiv\:cond-mat/0104162 PDF:/home/mack/.zotero/zotero/aeihmoq1.default/zotero/storage/7S6IIRHQ/Barabasi et al. - 2002 - Evolution of the social network of scientific coll.pdf:application/pdf;arXiv.org Snapshot:/home/mack/.zotero/zotero/aeihmoq1.default/zotero/storage/5BGWGUJB/0104162.html:text/html}
}

@article{katz_new_1953,
	title = {A new status index derived from sociometric analysis},
	volume = {18},
	issn = {0033-3123, 1860-0980},
	url = {http://link.springer.com/article/10.1007/BF02289026},
	doi = {10.1007/BF02289026},

	pages = {39--43},
	number = {1},
	journaltitle = {Psychometrika},
	shortjournal = {Psychometrika},
	author = {Katz, Leo},
	urldate = {2015-03-06},
	date = {1953-03-01},
	langid = {english},
	keywords = {Assessment, Testing and Evaluation, Psychometrics, Statistical Theory and Methods, Statistics for Social Science, Behavorial Science, Education, Public Policy, and Law},
	file = {Snapshot:/home/mack/.zotero/zotero/aeihmoq1.default/zotero/storage/9RP83VFZ/10.html:text/html}
}

@article{wladis_investigation_2014,
	title = {An investigation of course-level factors as predictors of online {STEM} course outcomes},
	volume = {77},
	issn = {0360-1315},
	doi = {10.1016/j.compedu.2014.04.015},
	pages = {145--150},
	journaltitle = {Computers \& Education},
	journal = {Computers \& Education},
	shortjournal = {Computers \& Education},
	author = {Wladis, Claire and Hachey, Alyse C. and Conway, Katherine},
	urldate = {2015-03-12},
	date = {2014-08},
    year = {2014},
	keywords = {Career, Course retention, Elective, Online learning, {STEM}}
}

@article{scholkopf_estimating_2001,
	title = {Estimating the Support of a High-Dimensional Distribution},
	volume = {13},
	issn = {0899-7667},
	url = {http://dx.doi.org/10.1162/089976601750264965},
	doi = {10.1162/089976601750264965},

	pages = {1443--1471},
	number = {7},
	journaltitle = {Neural Comput.},
	author = {Schölkopf, Bernhard and Platt, John C. and Shawe-Taylor, John C. and Smola, Alex J. and Williamson, Robert C.},
	urldate = {2015-03-06},
	date = {2001-07}
}

@inproceedings{das_google_2007,
	location = {New York, {NY}, {USA}},
	title = {Google News Personalization: Scalable Online Collaborative Filtering},
	isbn = {978-1-59593-654-7},
	url = {http://doi.acm.org/10.1145/1242572.1242610},
	doi = {10.1145/1242572.1242610},
	series = {{WWW} '07},
	shorttitle = {Google News Personalization},

	pages = {271--280},
	booktitle = {Proceedings of the 16th International Conference on World Wide Web},
	publisher = {{ACM}},
	author = {Das, Abhinandan S. and Datar, Mayur and Garg, Ashutosh and Rajaram, Shyam},
	urldate = {2015-04-05},
	date = {2007},
	keywords = {Google news, mapreduce, minhash, oneline recommendation system, personalization, {PLSI}, scalable collaborative filtering},
	file = {ACM Full Text PDF:/home/mack/.zotero/zotero/aeihmoq1.default/zotero/storage/CP8BBEKW/Das et al. - 2007 - Google News Personalization Scalable Online Colla.pdf:application/pdf}
}

@article{hachey_prior_2014,
	title = {Do prior online course outcomes provide more information than G.P.A. alone in predicting subsequent online course grades and retention? An observational study at an urban community college},
	volume = {72},
	issn = {0360-1315},
	doi = {10.1016/j.compedu.2013.10.012},
	shorttitle = {Do prior online course outcomes provide more information than G.P.A. alone in predicting subsequent online course grades and retention?},
	pages = {59--67},
	journaltitle = {Computers \& Education},
	journal = {Computers \& Education},
	shortjournal = {Computers \& Education},
	author = {Hachey, Alyse C. and Wladis, Claire W. and Conway, Katherine M.},
	urldate = {2015-03-12},
	date = {2014-03},
    year = {2014},
	keywords = {Community college, G.P.A., Online learning, Prior online experience, Retention}
}

@inproceedings{shan_generalized_2010,
	title = {Generalized Probabilistic Matrix Factorizations for Collaborative Filtering},
	doi = {10.1109/ICDM.2010.116},
	eventtitle = {2010 {IEEE} 10th International Conference on Data Mining ({ICDM})},
	pages = {1025--1030},
	booktitle = {2010 {IEEE} 10th International Conference on Data Mining ({ICDM})},
	author = {Shan, Hanhuai and Banerjee, A.},
	date = {2010-12},
    year = {2010},
	keywords = {approximate inference algorithm, collaborative filtering, groupware, inference mechanisms, information filtering, learning, learning (artificial intelligence), matrix decomposition, pattern clustering, probabilistic matrix factorization, topic models, variational inference}
}

@article{zhu_getting_2007,
	title = {Getting connected: analysis and principles of biological networks},
	volume = {21},
	issn = {0890-9369},
	url = {http://www.genesdev.org/cgi/doi/10.1101/gad.1528707},
	doi = {10.1101/gad.1528707},
	shorttitle = {Getting connected},
	pages = {1010--1024},
	number = {9},
	journaltitle = {Genes \& Development},
	author = {Zhu, X. and Gerstein, M. and Snyder, M.},
	urldate = {2015-03-04},
	date = {2007-04-16},
	langid = {english},
	file = {Zhu-et-al--getting-connected-analysis-and-princples-of-biological-networks--2007.pdf:/home/mack/.zotero/zotero/aeihmoq1.default/zotero/storage/X6PTUKWP/Zhu-et-al--getting-connected-analysis-and-princples-of-biological-networks--2007.pdf:application/pdf}
}

@incollection{alsumait_embedding_2010,
	title = {Embedding Semantics in {LDA} Topic Models},
	rights = {Copyright © 2010 John Wiley \& Sons, Ltd},
	isbn = {9780470689646},
	pages = {183--204},
	booktitle = {Text Mining},
	publisher = {John Wiley \& Sons, Ltd},
	author = {Alsumait, Loulwah and Wang, Pu and Domeniconi, Carlotta and Barbará, Daniel},
	editor = {Berry, Michael W. and Kogan, Jacob},
	urldate = {2015-03-20},
	date = {2010},
    year = {2010},
	langid = {english},
	keywords = {embedding semantics, latent Dirichlet alglocation ({LDA}), latent semantic analysis, probabilistic latent semantic analysis, Probability, vector space modeling}
}

@inproceedings{chakrabarti_dynamic_2007,
	title = {Dynamic personalized pagerank in entity-relation graphs},
	url = {http://dl.acm.org/citation.cfm?id=1242650},
	pages = {571--580},
	booktitle = {Proceedings of the 16th international conference on World Wide Web},
	publisher = {{ACM}},
	author = {Chakrabarti, Soumen},
	urldate = {2015-03-04},
	date = {2007},
	file = {Chakrabarti--dynamic-personalized-pagerank-in-entity-relation-graphs--2007.pdf:/home/mack/.zotero/zotero/aeihmoq1.default/zotero/storage/VBZ9SD9G/Chakrabarti--dynamic-personalized-pagerank-in-entity-relation-graphs--2007.pdf:application/pdf}
}

@incollection{schafer_collaborative_2007,
	title = {Collaborative Filtering Recommender Systems},
	rights = {©2007 Springer-Verlag Berlin Heidelberg},
	isbn = {978-3-540-72078-2, 978-3-540-72079-9},
	url = {http://link.springer.com/chapter/10.1007/978-3-540-72079-9_9},
	series = {Lecture Notes in Computer Science},

	pages = {291--324},
	number = {4321},
	booktitle = {The Adaptive Web},
	publisher = {Springer Berlin Heidelberg},
	author = {Schafer, J. Ben and Frankowski, Dan and Herlocker, Jon and Sen, Shilad},
	editor = {Brusilovsky, Peter and Kobsa, Alfred and Nejdl, Wolfgang},
	urldate = {2015-03-12},
	date = {2007},
	langid = {english},
	keywords = {Artificial Intelligence (incl. Robotics), Computer Communication Networks, Data Mining and Knowledge Discovery, Information Storage and Retrieval, Information Systems Applications (incl.Internet), User Interfaces and Human Computer Interaction},
	file = {Snapshot:/home/mack/.zotero/zotero/aeihmoq1.default/zotero/storage/AEGTTHZ6/978-3-540-72079-9_9.html:text/html}
}

@article{nowlan_simplifying_1992-1,
	title = {Simplifying Neural Networks by Soft Weight-sharing},
	volume = {4},
	issn = {0899-7667},
	url = {http://dx.doi.org/10.1162/neco.1992.4.4.473},
	doi = {10.1162/neco.1992.4.4.473},
	pages = {473--493},
	number = {4},
	journaltitle = {Neural Computation},
    journal = {Neural Computation},
	author = {Nowlan, Steven J. and Hinton, Geoffrey E.},
	urldate = {2015-04-18},
	date = {1992-07}
}

@inproceedings{zhou_functional_2011,
	location = {New York, {NY}, {USA}},
	title = {Functional Matrix Factorizations for Cold-start Recommendation},
	isbn = {978-1-4503-0757-4},
	url = {http://doi.acm.org/10.1145/2009916.2009961},
	doi = {10.1145/2009916.2009961},
	series = {{SIGIR} '11},
	pages = {315--324},
	booktitle = {Proceedings of the 34th International {ACM} {SIGIR} Conference on Research and Development in Information Retrieval},
	publisher = {{ACM}},
	author = {Zhou, Ke and Yang, Shuang-Hong and Zha, Hongyuan},
	urldate = {2015-04-05},
	date = {2011},
	keywords = {cold-start problem, collaborative filtering, decision tree, functional matrix factorization, recommender systems},
}

@inproceedings{bell_scalable_2007,
	title = {Scalable Collaborative Filtering with Jointly Derived Neighborhood Interpolation Weights},
	doi = {10.1109/ICDM.2007.90},
	eventtitle = {Seventh {IEEE} International Conference on Data Mining, 2007. {ICDM} 2007},
	pages = {43--52},
	booktitle = {Seventh {IEEE} International Conference on Data Mining, 2007. {ICDM} 2007},
	author = {Bell, R.M. and Koren, Y.},
	date = {2007-10},
	keywords = {Accuracy, Data mining, Demography, Filtering, information filters, International collaboration, interpolation, interpolation weights, Large-scale systems, Motion pictures, Nearest neighbor searches, Netflix Cinematch recommender system, recommender systems, scalable collaborative filtering}
}

@incollection{singh_unified_2008,
	title = {A Unified View of Matrix Factorization Models},
	rights = {©2008 Springer-Verlag Berlin Heidelberg},
	isbn = {978-3-540-87480-5, 978-3-540-87481-2},
	url = {http://link.springer.com/chapter/10.1007/978-3-540-87481-2_24},
	series = {Lecture Notes in Computer Science},
	pages = {358--373},
	number = {5212},
	booktitle = {Machine Learning and Knowledge Discovery in Databases},
	publisher = {Springer Berlin Heidelberg},
	author = {Singh, Ajit P. and Gordon, Geoffrey J.},
	editor = {Daelemans, Walter and Goethals, Bart and Morik, Katharina},
	urldate = {2015-03-09},
	date = {2008},
	langid = {english},
	keywords = {Algorithm Analysis and Problem Complexity, Artificial Intelligence (incl. Robotics), Database Management, Information Storage and Retrieval, Mathematical Logic and Formal Languages, Probability and Statistics in Computer Science}
}

@inproceedings{yang_uncovering_2015,
	location = {New York, {NY}, {USA}},
	title = {Uncovering Trajectories of Informal Learning in Large Online Communities of Creators},
	isbn = {978-1-4503-3411-2},
	url = {http://doi.acm.org/10.1145/2724660.2724674},
	doi = {10.1145/2724660.2724674},
	series = {L@S '15},
	pages = {131--140},
	booktitle = {Proceedings of the Second (2015) {ACM} Conference on Learning @ Scale},
	publisher = {{ACM}},
	author = {Yang, Seungwon and Domeniconi, Carlotta and Revelle, Matt and Sweeney, Mack and Gelman, Ben U. and Beckley, Chris and Johri, Aditya},
	urldate = {2015-04-30},
	date = {2015},
	keywords = {clustering, informal learning, learning analytics, modeling, online community, programming, scratch}
}

@article{ghazanfar_kernel-mapping_2012,
	title = {Kernel-Mapping Recommender system algorithms},
	volume = {208},
	issn = {0020-0255},
	url = {http://www.sciencedirect.com/science/article/pii/S0020025512002587},
	doi = {10.1016/j.ins.2012.04.012},
	pages = {81--104},
	journaltitle = {Information Sciences},
	shortjournal = {Information Sciences},
	author = {Ghazanfar, Mustansar Ali and Prügel-Bennett, Adam and Szedmak, Sandor},
	urldate = {2015-03-12},
	date = {2012-11-15},
	keywords = {Kernel, Linear operation, Maximum margin, recommender systems, Structure learning}
}

@inproceedings{cosley_is_2003,
	location = {New York, {NY}, {USA}},
	title = {Is Seeing Believing?: How Recommender System Interfaces Affect Users' Opinions},
	isbn = {1-58113-630-7},
	url = {http://doi.acm.org/10.1145/642611.642713},
	doi = {10.1145/642611.642713},
	series = {{CHI} '03},
	shorttitle = {Is Seeing Believing?},
	pages = {585--592},
	booktitle = {Proceedings of the {SIGCHI} Conference on Human Factors in Computing Systems},
	publisher = {{ACM}},
	author = {Cosley, Dan and Lam, Shyong K. and Albert, Istvan and Konstan, Joseph A. and Riedl, John},
	urldate = {2015-03-12},
	date = {2003},
	keywords = {collaborative filtering, conformity, e-commerce, persuasive computing, recommender systems}
}

@article{sorour_predictive_2015,
	title = {A Predictive Model to Evaluate Student Performance},
	volume = {23},
	pages = {192--201},
	number = {2},
	journaltitle = {Journal of Information Processing},
	journal = {Journal of Information Processing},
	author = {Sorour, Shaymaa E. and Mine, Tsunenori and Goda, Kazumasa and Hirokawa, Sachio},
	date = {2015-03},
    year = {2015}
}


@article{bouneffouf_r-ucb:_2014,
	title = {R-{UCB}: a Contextual Bandit Algorithm for Risk-Aware Recommender Systems},
	url = {http://arxiv.org/abs/1408.2195},
	shorttitle = {R-{UCB}},
	journaltitle = {{arXiv}:1408.2195 [cs]},
	author = {Bouneffouf, Djallel},
	urldate = {2015-03-12},
	date = {2014-08-10},
	eprinttype = {arxiv},
	eprint = {1408.2195},
	keywords = {Computer Science - Information Retrieval, Computer Science - Learning, I.2}
}

@inproceedings{gantner_learning_2010,
	location = {Washington, {DC}, {USA}},
	title = {Learning Attribute-to-Feature Mappings for Cold-Start Recommendations},
	isbn = {978-0-7695-4256-0},
	url = {http://dx.doi.org/10.1109/ICDM.2010.129},
	doi = {10.1109/ICDM.2010.129},
	series = {{ICDM} '10},
	pages = {176--185},
	booktitle = {Proceedings of the 2010 {IEEE} International Conference on Data Mining},
	publisher = {{IEEE} Computer Society},
	author = {Gantner, Zeno and Drumond, Lucas and Freudenthaler, Christoph and Rendle, Steffen and Schmidt-Thieme, Lars},
	urldate = {2015-04-13},
	date = {2010},
	keywords = {Cold-start, collaborative filtering, factorization models, long tail, matrix factorization, recommender systems}
}

@article{bobadilla_generalization_2012,
	title = {Generalization of recommender systems: Collaborative filtering extended to groups of users and restricted to groups of items},
	volume = {39},
	issn = {0957-4174},
	url = {http://www.sciencedirect.com/science/article/pii/S0957417411009675},
	doi = {10.1016/j.eswa.2011.07.005},
	shorttitle = {Generalization of recommender systems},
	pages = {172--186},
	number = {1},
	journaltitle = {Expert Systems with Applications},
	shortjournal = {Expert Systems with Applications},
	author = {Bobadilla, Jesús and Ortega, Fernando and Hernando, Antonio and Bernal, Jesús},
	urldate = {2015-03-12},
	date = {2012-01},
	keywords = {collaborative filtering, Generalization, recommender systems, Users items}
}

@inproceedings{sarwar_item-based_2001,
	location = {New York, {NY}, {USA}},
	title = {Item-based Collaborative Filtering Recommendation Algorithms},
	isbn = {1-58113-348-0},
	url = {http://doi.acm.org/10.1145/371920.372071},
	doi = {10.1145/371920.372071},
	series = {{WWW} '01},
	pages = {285--295},
	booktitle = {Proceedings of the 10th International Conference on World Wide Web},
	publisher = {{ACM}},
	author = {Sarwar, Badrul and Karypis, George and Konstan, Joseph and Riedl, John},
	urldate = {2015-03-06},
	date = {2001}
}

@article{newman_modularity_2006,
	title = {Modularity and community structure in networks},
	volume = {103},
	url = {http://www.pnas.org/content/103/23/8577.short},
	pages = {8577--8582},
	number = {23},
	journaltitle = {Proceedings of the National Academy of Sciences},
	author = {Newman, Mark {EJ}},
	urldate = {2015-03-04},
	date = {2006}
}

@inproceedings{backstrom_supervised_2011,
	title = {Supervised random walks: predicting and recommending links in social networks},
	url = {http://dl.acm.org/citation.cfm?id=1935914},
	shorttitle = {Supervised random walks},
	pages = {635--644},
	booktitle = {Proceedings of the fourth {ACM} international conference on Web search and data mining},
	publisher = {{ACM}},
	author = {Backstrom, Lars and Leskovec, Jure},
	urldate = {2015-03-04},
	date = {2011}
}

@article{ekstrand_collaborative_2011,
	title = {Collaborative Filtering Recommender Systems},
	volume = {4},
	issn = {1551-3955},
	url = {http://dx.doi.org/10.1561/1100000009},
	doi = {10.1561/1100000009},
	pages = {81--173},
	number = {2},
	journaltitle = {Found. Trends Hum.-Comput. Interact.},
	author = {Ekstrand, Michael D. and Riedl, John T. and Konstan, Joseph A.},
	urldate = {2015-04-05},
	date = {2011-02}
}

@article{amatriain_mining_2013,
	title = {Mining Large Streams of User Data for Personalized Recommendations},
	volume = {14},
	issn = {1931-0145},
	url = {http://doi.acm.org/10.1145/2481244.2481250},
	doi = {10.1145/2481244.2481250},
	pages = {37--48},
	number = {2},
	journaltitle = {{SIGKDD} Explor. Newsl.},
	author = {Amatriain, Xavier},
	urldate = {2015-04-05},
	date = {2013-04}
}

@article{rendle_factorization_2012,
	title = {Factorization Machines with {libFM}},
	volume = {3},
	issn = {2157-6904},
	doi = {10.1145/2168752.2168771},
	number = {3},
	journaltitle = {{ACM} Transactions on Intelligent Systems and Technology ({TIST})},
	journal = {{ACM} Transactions on Intelligent Systems and Technology ({TIST})},
	author = {Rendle, Steffen},
	date = {2012},
    year = {2012}
}

@article{corbett_knowledge_1994,
	title = {Knowledge tracing: Modeling the acquisition of procedural knowledge},
	volume = {4},
	issn = {0924-1868, 1573-1391},
	doi = {10.1007/BF01099821},
	shorttitle = {Knowledge tracing},
	pages = {253--278},
	number = {4},
	journaltitle = {User Modeling and User-Adapted Interaction},
	journal = {User Modeling and User-Adapted Interaction},
	shortjournal = {User Model User-Adap Inter},
	author = {Corbett, Albert T. and Anderson, John R.},
	urldate = {2015-03-19},
	date = {1994-12-01},
    year = {1994},
	langid = {english},
	keywords = {Education (general), empirical validity, individual differences, Intelligent Tutoring Systems, learning, Management of Computing and Information Systems, mastery learning, Multimedia Information Systems, procedural knowledge, Psychology, general, Student modeling, User Interfaces and Human Computer Interaction}
}

@inproceedings{rendle_bpr:_2009,
	location = {Arlington, Virginia, United States},
	title = {{BPR}: Bayesian Personalized Ranking from Implicit Feedback},
	isbn = {978-0-9749039-5-8},
	url = {http://dl.acm.org/citation.cfm?id=1795114.1795167},
	series = {{UAI} '09},
	shorttitle = {{BPR}},
	pages = {452--461},
	booktitle = {Proceedings of the Twenty-Fifth Conference on Uncertainty in Artificial Intelligence},
	publisher = {{AUAI} Press},
	author = {Rendle, Steffen and Freudenthaler, Christoph and Gantner, Zeno and Schmidt-Thieme, Lars},
	urldate = {2015-03-12},
	date = {2009}
}

@article{goldberg_eigentaste:_2001,
	title = {Eigentaste: A constant time collaborative filtering algorithm},
	volume = {4},
	url = {http://link.springer.com/article/10.1023/A:1011419012209},
	shorttitle = {Eigentaste},
	pages = {133--151},
	number = {2},
	journaltitle = {Information Retrieval},
	author = {Goldberg, Ken and Roeder, Theresa and Gupta, Dhruv and Perkins, Chris},
	urldate = {2015-03-20},
	date = {2001}
}

@inproceedings{zhang_efficient_2007-1,
	location = {New York, {NY}, {USA}},
	title = {Efficient Bayesian Hierarchical User Modeling for Recommendation System},
	isbn = {978-1-59593-597-7},
	url = {http://doi.acm.org/10.1145/1277741.1277752},
	doi = {10.1145/1277741.1277752},
	series = {{SIGIR} '07},
	pages = {47--54},
	booktitle = {Proceedings of the 30th Annual International {ACM} {SIGIR} Conference on Research and Development in Information Retrieval},
	publisher = {{ACM}},
	author = {Zhang, Yi and Koren, Jonathan},
	urldate = {2015-03-12},
	date = {2007},
	keywords = {Bayesian Hierarchical models, {EM} algorithm, information filtering, personalization, recommender systems}
}

@inproceedings{salakhutdinov_bayesian_2008,
	location = {New York, {NY}, {USA}},
	title = {Bayesian Probabilistic Matrix Factorization Using Markov Chain Monte Carlo},
	isbn = {978-1-60558-205-4},
	url = {http://doi.acm.org/10.1145/1390156.1390267},
	doi = {10.1145/1390156.1390267},
	series = {{ICML} '08},
	pages = {880--887},
	booktitle = {Proceedings of the 25th International Conference on Machine Learning},
	publisher = {{ACM}},
	author = {Salakhutdinov, Ruslan and Mnih, Andriy},
	urldate = {2015-03-20},
	date = {2008}
}

@inproceedings{salakhutdinov_restricted_2007,
  title={Restricted Boltzmann machines for collaborative filtering},
  author={Salakhutdinov, Ruslan and Mnih, Andriy and Hinton, Geoffrey},
  booktitle={Proceedings of the 24th international conference on Machine learning},
  pages={791--798},
  year={2007},
  organization={ACM}
}

@article{scikit-learn,
 title={Scikit-learn: Machine Learning in {P}ython},
 author={Pedregosa, F. and Varoquaux, G. and Gramfort, A. and Michel, V.
         and Thirion, B. and Grisel, O. and Blondel, M. and Prettenhofer, P.
         and Weiss, R. and Dubourg, V. and Vanderplas, J. and Passos, A. and
         Cournapeau, D. and Brucher, M. and Perrot, M. and Duchesnay, E.},
 journal={Journal of Machine Learning Research},
 volume={12},
 pages={2825--2830},
 year={2011}
}


@Book{NCES2013,
  Title                    = {The Condition of Education 2013},
  Author                   = {Aud, Susan and Wilkinson-Flicker, Sidney},
  Publisher                = {U.S. Department of Education, National Center for Education Statistics.},
  Year                     = {2013},
  Number                   = {NCES 2013-037},
  Owner                    = {karypis},
  Timestamp                = {2014.06.04}
}


@Book{NRC2001,
  Title                    = {Building a Workforce for the Information Economy},
  Author                   = {National Research Council},
  Publisher                = {National Academies Press},
  Year                     = {2001}
}

@misc{gmu_facts_figures_2014,
    title={GMU Facts 2014-2015 Facts and Figures},
    url={https://irr.gmu.edu/FastFacts/#stud},
    year={2014},
    publisher={George Mason University}
}
