@inproceedings{agarwal_regression-based_2009,
	location = {New York, {NY}, {USA}},
	title = {Regression-based Latent Factor Models},
	isbn = {978-1-60558-495-9},
	doi = {10.1145/1557019.1557029},
	series = {{KDD} '09},
	pages = {19--28},
	booktitle = {Proceedings of the 15th {ACM} {SIGKDD} International Conference on Knowledge Discovery and Data Mining},
	publisher = {{ACM}},
	author = {Agarwal, Deepak and Chen, Bee-Chung},
	urldate = {2015-03-18},
	year = {2009},
	keywords = {dyadic data, interaction, latent factor, predictive, recommender systems, sparse},
}

@article{elbadrawy_personalized_2015,
	title = {Personalized Multi-Regression Models for Predicting Students' Performance in Course Activities},
	journal = {{LAK}},
	author = {Elbadrawy, Asmaa and Studham, R. Scott and {George Karypis}},
	year = {2015}
}

@inproceedings{rendle_factorization_2010,
	title = {Factorization machines},
	pages = {995--1000},
	booktitle = {Data Mining ({ICDM}), 2010 {IEEE} 10th International Conference on},
	publisher = {{IEEE}},
	author = {Rendle, Steffen},
	urldate = {2015-08-19},
	year = {2010},
}

@inproceedings{rendle_fast_2011,
	location = {New York, {NY}, {USA}},
	title = {Fast Context-aware Recommendations with Factorization Machines},
	isbn = {978-1-4503-0757-4},
	url = {http://doi.acm.org/10.1145/2009916.2010002},
	doi = {10.1145/2009916.2010002},
	series = {{SIGIR} '11},
	pages = {635--644},
	booktitle = {Proceedings of the 34th International {ACM} {SIGIR} Conference on Research and Development in Information Retrieval},
	publisher = {{ACM}},
	author = {Rendle, Steffen and Gantner, Zeno and Freudenthaler, Christoph and Schmidt-Thieme, Lars},
	urldate = {2015-08-19},
	year = {2011},
	keywords = {context-aware recommender system, factorization machine, rating prediction, tensor factorization}
}

@article{rendle_factorization_2012,
	title = {Factorization Machines with {libFM}},
	author = {Rendle, Steffen},
	volume = {3},
	issn = {2157-6904},
	doi = {10.1145/2168752.2168771},
	number = {3},
	journal = {{ACM} Transactions on Intelligent Systems and Technology ({TIST})},
	date = {2012},
	year = {2012}
}
